@inproceedings{allamanis2013,
  title={Mining source code repositories at massive scale using language modeling},
  author={Allamanis, Miltiadis and Sutton, Charles},
  booktitle={Proceedings of the 10th Working Conference on Mining Software Repositories},
  pages={207--216},
  year={2013},
  organization={IEEE Press}
}

@inproceedings{weimer2009,
  title={Automatically finding patches using genetic programming},
  author={Weimer, Westley and Nguyen, ThanhVu and Le Goues, Claire and Forrest, Stephanie},
  booktitle={Proceedings of the 31st International Conference on Software Engineering},
  pages={364--374},
  year={2009},
  organization={IEEE Computer Society}
}

@article{montana1995,
  title={Strongly typed genetic programming},
  author={Montana, David J},
  journal={Evolutionary computation},
  volume={3},
  number={2},
  pages={199--230},
  year={1995},
  publisher={MIT Press}
}

@inproceedings{mcdermott2012,
  title={Genetic programming needs better benchmarks},
  author={McDermott, James and White, David R and Luke, Sean and Manzoni, Luca and Castelli, Mauro and Vanneschi, Leonardo and Jaskowski, Wojciech and Krawiec, Krzysztof and Harper, Robin and De Jong, Kenneth and others},
  booktitle={Proceedings of the 14th annual conference on Genetic and evolutionary computation},
  pages={791--798},
  year={2012},
  organization={ACM}
}

@inproceedings{caliskan2015,
  title={De-anonymizing programmers via code stylometry},
  author={Caliskan-Islam, Aylin and Harang, Richard and Liu, Andrew and Narayanan, Arvind and Voss, Clare and Yamaguchi, Fabian and Greenstadt, Rachel},
  booktitle={24th USENIX Security Symposium (USENIX Security 15)},
  pages={255--270},
  year={2015}
}

@inproceedings{tu2014,
  title={On the localness of software},
  author={Tu, Zhaopeng and Su, Zhendong and Devanbu, Premkumar},
  booktitle={Proceedings of the 22nd ACM SIGSOFT International Symposium on Foundations of Software Engineering},
  pages={269--280},
  year={2014},
  organization={ACM}
}

@article{brown1992,
  title={An estimate of an upper bound for the entropy of English},
  author={Brown, Peter F and Pietra, Vincent J Della and Mercer, Robert L and Pietra, Stephen A Della and Lai, Jennifer C},
  journal={Computational Linguistics},
  volume={18},
  number={1},
  pages={31--40},
  year={1992},
  publisher={MIT Press}
}

@inproceedings{hindle2012,
  title={On the naturalness of software},
  author={Hindle, Abram and Barr, Earl T and Su, Zhendong and Gabel, Mark and Devanbu, Premkumar},
  booktitle={Software Engineering (ICSE), 2012 34th International Conference on},
  pages={837--847},
  year={2012},
  organization={IEEE}
}

@inproceedings{matsuzaki2005,
  title={Probabilistic CFG with latent annotations},
  author={Matsuzaki, Takuya and Miyao, Yusuke and Tsujii, Jun'ichi},
  booktitle={Proceedings of the 43rd Annual Meeting on Association for Computational Linguistics},
  pages={75--82},
  year={2005},
  organization={Association for Computational Linguistics}
}

@inproceedings{petrov2006,
  title={Learning accurate, compact, and interpretable tree annotation},
  author={Petrov, Slav and Barrett, Leon and Thibaux, Romain and Klein, Dan},
  booktitle={Proceedings of the 21st International Conference on Computational Linguistics and the 44th annual meeting of the Association for Computational Linguistics},
  pages={433--440},
  year={2006},
  organization={Association for Computational Linguistics}
}